% This file was created with JabRef 2.9.1.
% Encoding: Cp1252

@article{lindsten2015uniform,
  title={Uniform ergodicity of the Particle {G}ibbs sampler},
  author={Lindsten, Fredrik and Douc, Randal and Moulines, Eric},
  journal={Scandinavian Journal of Statistics},
  volume={42},
  number={3},
  pages={775--797},
  year={2015},
  publisher={Wiley Online Library}
}

@article{chopin2015,
author = "Chopin, Nicolas and Singh, Sumeetpal S.",
doi = "10.3150/14-BEJ629",
fjournal = "Bernoulli",
journal = "Bernoulli",
month = "08",
number = "3",
pages = "1855--1883",
publisher = "Bernoulli Society for Mathematical Statistics and Probability",
title = "On particle {G}ibbs sampling",
volume = "21",
year = "2015"
}

@ARTICLE{andrieuDH2010,
  author = {Andrieu, Christophe and Doucet, Arnaud and Holenstein, Roman},
  title = {Particle {M}arkov chain {M}onte {C}arlo methods},
  journal = {Journal of the Royal Statistical Society: Series B (Statistical Methodology)},
  year = {2010},
  volume = {72},
  pages = {269--342},
  number = {3},
  issn = {1467-9868},
  publisher = {Blackwell Publishing Ltd}
}

@ARTICLE{berard2014lognormal,
  author = {B{\'e}rard, Jean and Del Moral, Pierre and Doucet, Arnaud},
  title = {A lognormal central limit theorem for particle approximations of
	normalizing constants},
  journal = {Electronic Journal of Probability},
  year = {2014},
  volume = {19},
  pages = {1--28},
  number = {94}
}

@BOOK{doucet2001sequential,
  title = {Sequential {M}onte {C}arlo methods in practice},
  publisher = {Springer Science \& Business Media},
  year = {2001},
  author = {Doucet, Arnaud and de Freitas, Nando and Gordon, Neil}
}

@ARTICLE{doucet2009tutorial,
  author = {Doucet, Arnaud and Johansen, Adam M},
  title = {A tutorial on particle filtering and smoothing: Fifteen years later},
  journal = {Handbook of Nonlinear Filtering},
  year = {2009},
  volume = {12},
  pages = {656--704},
  publisher = {Oxford, UK: Oxford University Press}
}

@ARTICLE{doucet2015efficient,
  author = {Doucet, Arnaud and Pitt, Michael and Deligiannidis, George and Kohn, Robert},
  title = {Efficient implementation of {M}arkov chain {M}onte {C}arlo when using an
	unbiased likelihood estimator},
  journal = {Biometrika},
  year = {2015},
  pages = {asu075},
  publisher = {Biometrika Trust}
}

@ARTICLE{everitt2012,
  author = { Richard G. Everitt },
  title = {Bayesian Parameter Estimation for Latent {M}arkov Random Fields and
	Social Networks},
  journal = {Journal of Computational and Graphical Statistics},
  year = {2012},
  volume = {21},
  pages = {940-960},
  number = {4}
}

@ARTICLE{gordon1993novel,
  author = {Gordon, Neil J and Salmond, David J and Smith, Adrian FM},
  title = {Novel approach to nonlinear/non-{G}aussian {B}ayesian state estimation},
  journal = {IEE Proceedings F (Radar and Signal Processing)},
  year = {1993},
  volume = {140},
  pages = {107--113},
  number = {2},
  organization = {IET}
}

@ARTICLE{huggins2015,
  author = {{Huggins}, Jonathan~H. and {Roy}, Daniel~M.},
  title = {{Convergence of sequential {M}onte {C}arlo-based sampling methods}},
  journal = {ArXiv e-prints, arXiv:1503.00966v1},
  year = {2015},
  month = mar,
  eprint = {1503.00966}
}

@ARTICLE{lindstenJS2014,
  author = {Lindsten, Fredrik and Jordan, Michael I. and Sch\"on, Thomas B.},
  title = {Particle {G}ibbs with ancestor sampling},
  journal = {Journal of Machine Learning Research},
  year = {2014},
  volume = {15},
  pages = {2145--2184},
  month = {june},
  owner = {lindsten},
  quality = {1},
  timestamp = {2014.06.05}
}

@ARTICLE{lindsten2013backward,
  author = {Lindsten, Fredrik and Sch{\"o}n, Thomas B},
  title = {Backward Simulation Methods for {M}onte {C}arlo Statistical Inference},
  journal = {Foundations and Trends in Machine Learning},
  year = {2013},
  volume = {6},
  pages = {1--143},
  number = {1},
  publisher = {now}
}

@INPROCEEDINGS{lindsten2012use,
  author = {Lindsten, Fredrik and Sch\"on, Thomas B},
  title = {On the use of backward simulation in the particle {G}ibbs sampler},
  booktitle = {Acoustics, Speech and Signal Processing (ICASSP), 2012 IEEE International
	Conference on},
  year = {2012},
  pages = {3845--3848},
  organization = {IEEE}
}

@INPROCEEDINGS{vandemeent_aistats_2015,
  author = {van de Meent, Jan-Willem and Yang, Hongseok and Mansinghka, Vikash
	and Wood, Frank},
  title = {Particle {G}ibbs with Ancestor Sampling for Probabilistic Programs},
  booktitle = {Proceedings of the 18th International conference on Artificial Intelligence
	and Statistics},
  year = {2015},
  pages = {986--994}
}

@INPROCEEDINGS{naessethLS2015nested,
  author = {Naesseth, Christian A. and Lindsten, Fredrik and Sch\"{o}n, Thomas
	B},
  title = {Nested Sequential {M}onte {C}arlo Methods},
  booktitle = {The 32nd International Conference on Machine Learning},
  year = {2015},
  volume = {37},
  series = {JMLR W\&CP},
  pages = {1292--1301},
  address = {Lille, France},
  month = {jul}
}

@INCOLLECTION{naessethLS2014,
  author = {Naesseth, Christian A and Lindsten, Fredrik and Sch\"{o}n, Thomas
	B},
  title = {Sequential {M}onte {C}arlo for Graphical Models},
  booktitle = {Advances in Neural Information Processing Systems 27},
  publisher = {Curran Associates, Inc.},
  year = {2014},
  pages = {1862--1870}
}

@ARTICLE{pitt2012some,
  author = {Pitt, Michael K and dos Santos Silva, Ralph and Giordani, Paolo and
	Kohn, Robert},
  title = {On some properties of {M}arkov chain {M}onte {C}arlo simulation methods
	based on the particle filter},
  journal = {Journal of Econometrics},
  year = {2012},
  volume = {171},
  pages = {134--151},
  number = {2},
  publisher = {Elsevier}
}

@ARTICLE{rauch1965maximum,
  author = {Rauch, Herbert E and Striebel, CT and Tung, F},
  title = {Maximum likelihood estimates of linear dynamic systems},
  journal = {AIAA journal},
  year = {1965},
  volume = {3},
  pages = {1445--1450},
  number = {8}
}

@BOOK{robert2013monte,
  title = {Monte {C}arlo statistical methods},
  publisher = {Springer Science \& Business Media},
  year = {2013},
  author = {Robert, Christian and Casella, George}
}

@INCOLLECTION{tripuraneni2015,
  author = {Tripuraneni, Nilesh and Gu, Shixiang and Ge, Hong and Ghahramani,
	Zoubin},
  title = {Particle {G}ibbs for Infinite Hidden {M}arkov {M}odels},
  booktitle = {Advances in Neural Information Processing Systems 28},
  publisher = {Curran Associates, Inc.},
  year = {2015},
  pages = {2386--2394}
}

@INCOLLECTION{ValeraFSPC2015,
  author = {Valera, Isabel and Francisco, Fran and Svensson, Lennart and Perez-Cruz,
	Fernando},
  title = {Infinite Factorial Dynamical Model},
  booktitle = {Advances in Neural Information Processing Systems 28},
  publisher = {Curran Associates, Inc.},
  year = {2015},
  pages = {1657--1665}
}

@ARTICLE{van2008partially,
  author = {Van Dyk, David A and Park, Taeyoung},
  title = {Partially collapsed {G}ibbs samplers: Theory and methods},
  journal = {Journal of the American Statistical Association},
  year = {2008},
  volume = {103},
  pages = {790--796},
  number = {482},
  publisher = {Taylor \& Francis}
}

@ARTICLE{whiteley2010efficient,
  author = {Whiteley, Nick and Andrieu, Christophe and Doucet, Arnaud},
  title = {Efficient {B}ayesian inference for switching state-space models using
	discrete particle {M}arkov chain {M}onte {C}arlo methods},
  journal = {ArXiv e-prints, arXiv:1011.2437},
  year = {2010}
}

@ARTICLE{whiteley2016,
  author = {Whiteley, Nick and Lee, Anthony and Heine, Kari},
  title = {On the role of interaction in sequential {M}onte {C}arlo algorithms},
  journal = {Bernoulli},
  year = {2016},
  volume = {22},
  pages = {494--529},
  number = {1},
  month = {02},
  fjournal = {Bernoulli},
  publisher = {Bernoulli Society for Mathematical Statistics and Probability},
}

@INPROCEEDINGS{wood2014new,
  author = {Wood, Frank and van de Meent, Jan Willem and Mansinghka, Vikash},
  title = {A new approach to probabilistic programming inference},
  booktitle = {Proceedings of the 17th International conference on Artificial Intelligence
	and Statistics},
  year = {2014},
  pages = {2--46}
}

@phdthesis{holenstein2009particle,
	title={Particle {M}arkov chain {M}onte {C}arlo},
	author={Holenstein, Roman},
	year={2009},
	school={The University Of British Columbia (Vancouver}
}

@article{hastings1970monte,
	title={Monte {C}arlo sampling methods using {M}arkov chains and their applications},
	author={Hastings, W Keith},
	journal={Biometrika},
	volume={57},
	number={1},
	pages={97--109},
	year={1970},
	publisher={Biometrika Trust}
}

@inproceedings{rainforth-icml-2016,
	title = {Interacting Particle {M}arkov Chain {M}onte {C}arlo},
	author = {Rainforth, Tom and Naesseth, Christian A and Lindsten, Fredrik and Paige, Brooks and van de Meent, Jan-Willem and Doucet, Arnaud and Wood, Frank},
	booktitle = {Proceedings of the 33rd International Conference on Machine Learning},
	series = {JMLR: W\&CP},
	volume = {48},
	year = {2016}
}